@book{刘海洋2013LATEX,
  title={LATEX入门},
  author={刘海洋},
  publisher={电子工业出版社},
  year={2013},
  language={中文}
}

@book{胡伟latex2e自学手册,
 title={\LaTeXe 完全学习手册},
author= {胡伟},
publisher={清华大学出版社},
year={2013},
language={中文}
}